<?xml version="1.0" encoding="UTF-8" ?><marc:collection xmlns:marc="http://www.loc.gov/MARC21/slim" xmlns:xsi="http://www.w3.org/2001/XMLSchema-instance" xsi:schemaLocation="http://www.loc.gov/MARC21/slim http://www.loc.gov/standards/marcxml/schema/MARC21slim.xsd">
<marc:record><marc:leader>01587nam a2200313 a 4500</marc:leader>
<marc:controlfield tag="001">5736</marc:controlfield>
<marc:controlfield tag="003">aeadna</marc:controlfield><marc:controlfield tag="005">20100502081600.0</marc:controlfield><marc:controlfield tag="006">a      000 0      </marc:controlfield><marc:controlfield tag="008">060711m19281930ua     f     a00| 0dara|d</marc:controlfield><marc:datafield tag="035" ind1=" " ind2=" "><marc:subfield code="a">(Sirsi) 5736</marc:subfield></marc:datafield><marc:datafield tag="040" ind1=" " ind2=" "><marc:subfield code="a">nal</marc:subfield><marc:subfield code="b">ara</marc:subfield><marc:subfield code="e">AACR2</marc:subfield></marc:datafield><marc:datafield tag="041" ind1="0" ind2=" "><marc:subfield code="a">ara</marc:subfield></marc:datafield><marc:datafield tag="043" ind1=" " ind2=" "><marc:subfield code="a">a-ye---</marc:subfield></marc:datafield><marc:datafield tag="050" ind1=" " ind2="4"><marc:subfield code="a">DS247.Y46</marc:subfield><marc:subfield code="b">Z3 1928</marc:subfield></marc:datafield><marc:datafield tag="066" ind1=" " ind2=" "><marc:subfield code="c">(3</marc:subfield></marc:datafield><marc:datafield tag="082" ind1="0" ind2="4"><marc:subfield code="a">920.567</marc:subfield><marc:subfield code="b">21</marc:subfield></marc:datafield><marc:datafield tag="100" ind1="1" ind2=" "><marc:subfield code="a">زبارة، محمد بن محمد بن يحيي،</marc:subfield><marc:subfield code="d">1883-1961</marc:subfield></marc:datafield><marc:datafield tag="245" ind1="1" ind2="0"><marc:subfield code="a">نيل الوطر :</marc:subfield><marc:subfield code="b">من تراجم رجال اليمن في القرن الثالث عشر /</marc:subfield><marc:subfield code="c">محمد بن محمد بن يحيى زبارة الحسيني اليمني الصنعاني.</marc:subfield></marc:datafield><marc:datafield tag="260" ind1=" " ind2=" "><marc:subfield code="a">القاهرة :</marc:subfield><marc:subfield code="b">المطبعة السلفية ومكتبتها ،</marc:subfield><marc:subfield code="c">1350-1348هـ.[1928-1930م]</marc:subfield></marc:datafield><marc:datafield tag="300" ind1=" " ind2=" "><marc:subfield code="a">2 ج. (435 ص. ، 425 ص.) ؛</marc:subfield><marc:subfield code="c">24 سم.</marc:subfield></marc:datafield><marc:datafield tag="650" ind1=" " ind2="4"><marc:subfield code="a">اليمن</marc:subfield><marc:subfield code="x">تاريخ</marc:subfield><marc:subfield code="y">القرن 13.</marc:subfield></marc:datafield><marc:datafield tag="651" ind1=" " ind2="4"><marc:subfield code="a">اليمن</marc:subfield><marc:subfield code="v">تراجم.</marc:subfield></marc:datafield><marc:datafield tag="775" ind1="0" ind2=" "><marc:subfield code="a">الصنعاني، محمد بن محمد بن يحيى زبارة الحسيني اليمني</marc:subfield><marc:subfield code="d">بيروت : دار العودة ، [؟198م.]</marc:subfield><marc:subfield code="f">0</marc:subfield><marc:subfield code="t">نيل الوطر :</marc:subfield></marc:datafield><marc:datafield tag="949" ind1=" " ind2=" "><marc:subfield code="a">920.567 ص ل ل  1 (m3928</marc:subfield><marc:subfield code="v">2</marc:subfield><marc:subfield code="w">DDC</marc:subfield><marc:subfield code="i">30018000012502</marc:subfield><marc:subfield code="u">06/21/2003</marc:subfield><marc:subfield code="d">08/29/2010</marc:subfield><marc:subfield code="n">0</marc:subfield><marc:subfield code="t">Book</marc:subfield><marc:subfield code="l">av</marc:subfield><marc:subfield code="m">MAIN</marc:subfield><marc:subfield code="x">ABK</marc:subfield></marc:datafield><marc:datafield tag="949" ind1=" " ind2=" "><marc:subfield code="a">920.567 ص ل ل  1 (m3928</marc:subfield><marc:subfield code="v">1</marc:subfield><marc:subfield code="w">DDC</marc:subfield><marc:subfield code="i">30018000041552</marc:subfield><marc:subfield code="u">08/29/2010</marc:subfield><marc:subfield code="d">08/29/2010</marc:subfield><marc:subfield code="n">0</marc:subfield><marc:subfield code="t">Book</marc:subfield><marc:subfield code="l">av</marc:subfield><marc:subfield code="m">MAIN</marc:subfield><marc:subfield code="x">ABK</marc:subfield></marc:datafield><marc:datafield tag="949" ind1=" " ind2=" "><marc:subfield code="a">920.567 ص ل ل  1 (m3928</marc:subfield><marc:subfield code="v">1</marc:subfield><marc:subfield code="w">DDC</marc:subfield><marc:subfield code="i">30018000012501</marc:subfield><marc:subfield code="u">06/12/2003</marc:subfield><marc:subfield code="d">08/29/2010</marc:subfield><marc:subfield code="n">0</marc:subfield><marc:subfield code="t">Book</marc:subfield><marc:subfield code="l">av</marc:subfield><marc:subfield code="m">MAIN</marc:subfield><marc:subfield code="x">RAR</marc:subfield></marc:datafield><marc:datafield tag="949" ind1=" " ind2=" "><marc:subfield code="a">920.567 ص ل ل  1 (m3928</marc:subfield><marc:subfield code="v">2</marc:subfield><marc:subfield code="w">DDC</marc:subfield><marc:subfield code="i">30018000000278</marc:subfield><marc:subfield code="u">06/12/2003</marc:subfield><marc:subfield code="d">08/29/2010</marc:subfield><marc:subfield code="n">0</marc:subfield><marc:subfield code="t">Book</marc:subfield><marc:subfield code="l">av</marc:subfield><marc:subfield code="m">MAIN</marc:subfield><marc:subfield code="x">RAR</marc:subfield></marc:datafield><marc:datafield tag="949" ind1=" " ind2=" "><marc:subfield code="a">920.567 ص ل ل  1 (m3928</marc:subfield><marc:subfield code="v">1</marc:subfield><marc:subfield code="w">DDC</marc:subfield><marc:subfield code="i">30018000000550</marc:subfield><marc:subfield code="u">06/22/2003</marc:subfield><marc:subfield code="d">08/29/2010</marc:subfield><marc:subfield code="n">0</marc:subfield><marc:subfield code="t">Book</marc:subfield><marc:subfield code="l">av</marc:subfield><marc:subfield code="m">MAIN</marc:subfield><marc:subfield code="x">RAR</marc:subfield></marc:datafield></marc:record>
</marc:collection>
